%---------- BIB
@conference{ web2palazzi,
	author =  "Giampiero Calma and  Claudio E. Palazzi and Armir Bujari", 
	booktitle = "Proc. of the International Workshop on DIstributed SImulation and Online gaming (DISIO 2012) - ICST SIMUTools 2012", 
	title =     "Web Squared: Paradigms and Opportunities",
	address = "Desenzano, Italy", 
	year =  "2012"
}